<?xml version="1.0" encoding="UTF-8"?><collection xmlns="http://www.loc.gov/MARC21/slim"><record><leader>00348nam--2200121-i-4500</leader><controlfield tag="001">000021513</controlfield><controlfield tag="002">20161230</controlfield><controlfield tag="005">20161230201034</controlfield><controlfield tag="008">060222s1000------------r-----000-0-eng-d</controlfield><datafield ind1=" " ind2=" " tag="100"><subfield code="a">Greene, E.F</subfield></datafield><datafield ind1=" " ind2=" " tag="245"><subfield code="a">Toennies j.p</subfield></datafield><datafield ind1=" " ind2=" " tag="260"><subfield code="a">Chemische Reaktionen In Stosswellen. Ubersetzt Von H.G. Wagner</subfield></datafield><datafield ind1=" " ind2=" " tag="490"><subfield code="a">Fortschritte Der Physikalischen Chemie. Band 3</subfield></datafield></record></collection>